@article{gelman2014understanding,
  title={Understanding predictive information criteria for Bayesian models},
  author={Gelman, A. and Hwang, J. and Vehtari, A.},
  journal={Stat. Comput.},
  volume={24},
  number={6},
  pages={997--1016},
  year={2014}
}
@article{li2019penalized,
  title={Penalized multiple inflated values selection method with application to SAFER data},
  author={Li, Q. and Tso, G.K. and Qin, Y. and Lovejoy, T.I. and Heckman, T.G. and Li, Y.},
  journal={Stat. Methods Med. Res.},
  volume={28},
  number={10-11},
  pages={3205--3225},
  year={2019}
}
@article{allen2017proximity,
  title={Proximity and gravity: Modeling heaped self-reports},
  author={Allen, C.M. and Griffith, S.D. and Shiffman, S. and Heitjan, D.F.},
  journal={Stat. Med.},
  volume={36},
  number={20},
  pages={3200--3215},
  year={2017}
}
